<?xml version="1.0" encoding="UTF-8"?><record xmlns="http://www.loc.gov/MARC21/slim" xmlns:cinclude="http://apache.org/cocoon/include/1.0" xmlns:zs="http://www.loc.gov/zing/srw/">
  <leader>00683nz  a2200133n  4500</leader>
  <controlfield tag="001">no 99069193 </controlfield>
  <controlfield tag="003">DLC</controlfield>
  <controlfield tag="005">19990923080816.0</controlfield>
  <controlfield tag="008">990922n| acannaabn          |n aaa     c</controlfield>
  <datafield tag="010" ind1=" " ind2=" ">
    <subfield code="a">no 99069193 </subfield>
  </datafield>
  <datafield tag="035" ind1=" " ind2=" ">
    <subfield code="a">(OCoLC)oca05068411</subfield>
  </datafield>
  <datafield tag="040" ind1=" " ind2=" ">
    <subfield code="a">NBuU</subfield>
    <subfield code="b">eng</subfield>
    <subfield code="c">NBuU</subfield>
  </datafield>
  <datafield tag="100" ind1="1" ind2=" ">
    <subfield code="a">Cork, Ella</subfield>
  </datafield>
  <datafield tag="670" ind1=" " ind2=" ">
    <subfield code="a">"The worst of the bargain,", c1962:</subfield>
    <subfield code="b">t.p. (Ella Cork) p. 4 of cover (New Englander, made her home for 50 years in Canada, built Birch Island Lodge in the Manitoulin area of Ontario with her husband, where she became involved with the problem of the Indian, widowed 1950, B.Sc. and M.A. in political science from Columbia Univ., married Stephen Du Brul in 1960, settled in Oakland County, Mich.)</subfield>
  </datafield>
</record>